@book{humphreys1975linear,
  title={{Linear algebraic groups}},
  author={Humphreys, J.E.},
  year={1975},
  publisher={Springer}
}

@book{borel1991linear,
  title={{Linear algebraic groups}},
  author={Borel, A.},
  year={1991},
  publisher={Springer}
}

@book{carter1989simple,
  title={{Simple groups of Lie type}},
  author={Carter, R.W.},
  year={1989},
  publisher={John Wiley \& Sons Inc}
}

@book{hochschild1965structure,
  title={{The structure of Lie groups}},
  author={Hochschild, G.P.},
  year={1965},
  publisher={Holden-Day}
}

@article{brown1976cohomology,
  title={{Cohomology of groups}},
  author={Brown, K.},
  journal={Algebraic K-Theory},
  pages={249--259},
  year={1976},
  publisher={Springer}
}

@article{bate2005geometric,
  title={{A geometric approach to complete reducibility}},
  author={Bate, M. and Martin, B. and Roehrle, G.},
  journal={Inventiones Mathematicae},
  volume={161},
  number={1},
  pages={177--218},
  year={2005},
  publisher={Springer}
}

@article{slodowy1997two,
  title={{Two notes on a finiteness problem in the representation theory of finite groups}},
  author={Slodowy, P.},
  journal={Algebraic groups and Lie groups: a volume of papers in honour of the late RW Richardson},
  pages={331},
  year={1997},
  publisher={Cambridge Univ Pr}
}

@article{weil1964remarks,
  title={{Remarks on the cohomology of groups}},
  author={Weil, A.},
  journal={Annals of Mathematics},
  volume={80},
  number={1},
  pages={149--157},
  year={1964},
  publisher={JSTOR}
}

@book{liebeck1996reductive,
  title={{Reductive subgroups of exceptional algebraic groups}},
  author={Liebeck, M.W. and Seitz, G.M.},
  isbn={0821804618},
  year={1996},
  publisher={American Mathematical Society}
}

@book{liebeck2004maximal,
  title={{The maximal subgroups of positive dimension in exceptional algebraic groups}},
  author={Liebeck, M.W. and Seitz, G.M.},
  isbn={0821834827},
  year={2004},
  publisher={American Mathematical Society}
}

@article{martin2003reductive,
  title={{Reductive subgroups of reductive groups in nonzero characteristic}},
  author={Martin, B.},
  journal={Journal of Algebra},
  volume={262},
  number={2},
  pages={265--286},
  year={2003},
  publisher={Elsevier}
}

@article{kemper2000characterization,
  title={{A characterization of linearly reductive groups by their invariants}},
  author={Kemper, G.},
  journal={Transformation groups},
  volume={5},
  number={1},
  pages={85--92},
  year={2000},
  publisher={Springer}
}

@article{richardson1982orbits,
  title={{On orbits of algebraic groups and Lie groups}},
  author={Richardson, RW},
  journal={Bulletin of the Australian Mathematical Society},
  volume={25},
  number={01},
  pages={1--28},
  year={1982},
  publisher={Cambridge Univ Press}
}

@article{stewart2010g,
  title={G-complete reducibility and the exceptional algebraic groups},
  author={Stewart, D.I.},
  journal={Arxiv preprint arXiv:1011.4835},
  year={2010}
}

@article{martin2004nonab,
  title={Nonabelian 1-cocycles},
  author={Martin, B.},
  journal={Report UKC/IMS/04/24},
  year={2004}
}
